@inproceedings{ralitera2018steps,
  title={Steps Towards Scalable Agent-Based Simulation Model: Impact of the Time Scheduling Approach},
  author={Tahina Ralitera and Nathan Aky and Denis Payet and R{\'e}my Courdier},
  booktitle={3rd International Workshop on Agent-Based Modelling of Urban Systems Systems (ABMUS2018)},
  year={2018}
}

@inproceedings{Afia.ia_et_transports,
	title = {Intelligence Artificielle et Transports : Travaux de recherche menés au LIM, groupe de Travail Systèmes Collectifs Adaptatifs},
	author = {R\'{e}my Courdier and Denis Payet and Tahina Ralitera},
	booktitle = {Bulletin de l'Association française pour l'Intelligence Artificielle (AFIA) N° 91},
    pages = {29-30},
	year = {2016},   
	publisher = {AFIA},  
    aeres = {PT},
	url = {http://afia.asso.fr/tiki-download_file.php?fileId=300} 
}

@article{DBLP:journals/jcm/RaliteraPC19,
  author    = {Tahina Ralitera and
               Denis Payet and
               R{\'{e}}my Courdier},
  title     = {Toward a Temporal Environment for Multi-Agent Simulation},
  journal   = {J. Commun.},
  volume    = {14},
  number    = {7},
  pages     = {607--613},
  year      = {2019},
  url       = {https://doi.org/10.12720/jcm.14.7.607-613},
  doi       = {10.12720/jcm.14.7.607-613},
  timestamp = {Tue, 14 Jul 2020 01:00:00 +0200},
  biburl    = {https://dblp.org/rec/journals/jcm/RaliteraPC19.bib},
  bibsource = {dblp computer science bibliography, https://dblp.org}
}

@inproceedings{DBLP:conf/jfsma/AkyRPC18,
  author    = {Nathan Aky and
               Tahina Ralitera and
               Denis Payet and
               R{\'{e}}my Courdier},
  editor    = {Gauthier Picard and
               Christophe Lang and
               Nicolas Marilleau},
  title     = {SkuadCityModel : Une simulation de d{\'{e}}placements urbains construite
               sur la plateforme {SKUAD} (d{\'{e}}monstration)},
  booktitle = {Distribution et D{\'{e}}centralisation - Vingt-sixi{\`{e}}mes journ{\'{e}}es
               francophones sur les syst{\`{e}}mes multi-agents, {JFSMA} 2018, M{\'{e}}tabief,
               France, 10-12 Octobre 2018},
  pages     = {233--234},
  publisher = {C{\'{e}}padu{\`{e}}s},
  year      = {2018},
  timestamp = {Thu, 25 Oct 2018 12:58:30 +0200},
  biburl    = {https://dblp.org/rec/conf/jfsma/AkyRPC18.bib},
  bibsource = {dblp computer science bibliography, https://dblp.org}
}

@inproceedings{DBLP:conf/mabs/RaliteraPAC18,
  author    = {Tahina Ralitera and
               Denis Payet and
               Nathan Aky and
               R{\'{e}}my Courdier},
  editor    = {Paul Davidsson and
               Harko Verhagen},
  title     = {The Temporality Model Time Scheduling Approach: {A} Practical Application},
  booktitle = {Multi-Agent-Based Simulation {XIX} - 19th International Workshop,
               {MABS} 2018, Stockholm, Sweden, July 14, 2018, Revised Selected Papers},
  series    = {Lecture Notes in Computer Science},
  volume    = {11463},
  pages     = {115--125},
  publisher = {Springer},
  year      = {2018},
  url       = {https://doi.org/10.1007/978-3-030-22270-3\_9},
  doi       = {10.1007/978-3-030-22270-3\_9},
  timestamp = {Tue, 25 Jun 2019 15:01:11 +0200},
  biburl    = {https://dblp.org/rec/conf/mabs/RaliteraPAC18.bib},
  bibsource = {dblp computer science bibliography, https://dblp.org}
}

@inproceedings{DBLP:conf/simultech/RaliteraAPC18,
  author    = {Tahina Ralitera and
               Nathan Aky and
               Denis Payet and
               R{\'{e}}my Courdier},
  editor    = {Floriano De Rango and
               Tuncer I. {\"{O}}ren and
               Mohammad S. Obaidat},
  title     = {Steps Towards a Balance between Adequacy and Time Optimization in
               Agent-based Simulations - {A} Practical Application of the Temporality
               Model Time Scheduling Approach},
  booktitle = {Proceedings of 8th International Conference on Simulation and Modeling
               Methodologies, Technologies and Applications, {SIMULTECH} 2018, Porto,
               Portugal, July 29-31, 2018},
  pages     = {160--166},
  publisher = {SciTePress},
  year      = {2018},
  url       = {https://doi.org/10.5220/0006904601600166},
  doi       = {10.5220/0006904601600166},
  timestamp = {Wed, 29 Aug 2018 15:28:43 +0200},
  biburl    = {https://dblp.org/rec/conf/simultech/RaliteraAPC18.bib},
  bibsource = {dblp computer science bibliography, https://dblp.org}
}

@inproceedings{DBLP:conf/paams/RaliteraC17,
  author    = {Tahina Ralitera and
               R{\'{e}}my Courdier},
  editor    = {Javier Bajo and
               Zita A. Vale and
               Kasper Hallenborg and
               Ana Paula Rocha and
               Philippe Mathieu and
               Pawel Pawlewski and
               Elena del Val and
               Paulo Novais and
               Fernando Lopes and
               N{\'{e}}stor D. Duque{-}M{\'{e}}ndez and
               Vicente Juli{\'{a}}n and
               Johan Holmgren},
  title     = {Toward Smart Island Simulation Application - {A} Case Study of Reunion
               Island},
  booktitle = {Highlights of Practical Applications of Cyber-Physical Multi-Agent
               Systems - International Workshops of {PAAMS} 2017, Porto, Portugal,
               June 21-23, 2017, Proceedings},
  series    = {Communications in Computer and Information Science},
  volume    = {722},
  pages     = {457--469},
  publisher = {Springer},
  year      = {2017},
  url       = {https://doi.org/10.1007/978-3-319-60285-1\_39},
  doi       = {10.1007/978-3-319-60285-1\_39},
  timestamp = {Sat, 19 Oct 2019 20:08:02 +0200},
  biburl    = {https://dblp.org/rec/conf/paams/RaliteraC17.bib},
  bibsource = {dblp computer science bibliography, https://dblp.org}
}

@inproceedings{DBLP:conf/smartgreens/RaliteraFBDC17,
  author    = {Tahina Ralitera and
               Maxime Ferard and
               Gonzalo Bustos{-}Turu and
               Koen H. van Dam and
               R{\'{e}}my Courdier},
  editor    = {Markus Helfert and
               Cornel Klein and
               Brian Donnellan},
  title     = {Steps Towards Simulating Smart Cities and Smart Islands with a Shared
               Generic Framework - {A} Case Study of London and Reunion Island},
  booktitle = {{SMARTGREENS} 2017 - Proceedings of the 6th International Conference
               on Smart Cities and Green {ICT} Systems, Porto, Portugal, April 22-24,
               2017},
  pages     = {329--336},
  publisher = {SciTePress},
  year      = {2017},
  url       = {https://doi.org/10.5220/0006371203290336},
  doi       = {10.5220/0006371203290336},
  timestamp = {Wed, 14 Jun 2017 16:50:31 +0200},
  biburl    = {https://dblp.org/rec/conf/smartgreens/RaliteraFBDC17.bib},
  bibsource = {dblp computer science bibliography, https://dblp.org}
}

